@misc{szegedy2014going,
      title={Going Deeper with Convolutions}, 
      author={Christian Szegedy and Wei Liu and Yangqing Jia and Pierre Sermanet and Scott Reed and Dragomir Anguelov and Dumitru Erhan and Vincent Vanhoucke and Andrew Rabinovich},
      year={2014},
      eprint={1409.4842},
      archivePrefix={arXiv},
      primaryClass={cs.CV}
}

@misc{goodfellow2015explaining,
      title={Explaining and Harnessing Adversarial Examples}, 
      author={Ian J. Goodfellow and Jonathon Shlens and Christian Szegedy},
      year={2015},
      eprint={1412.6572},
      archivePrefix={arXiv},
      primaryClass={stat.ML}
}

@misc{madry2019deep,
      title={Towards Deep Learning Models Resistant to Adversarial Attacks}, 
      author={Aleksander Madry and Aleksandar Makelov and Ludwig Schmidt and Dimitris Tsipras and Adrian Vladu},
      year={2019},
      eprint={1706.06083},
      archivePrefix={arXiv},
      primaryClass={stat.ML}
}

@misc{jia2019enhancing,
      title={Enhancing Cross-task Transferability of Adversarial Examples with Dispersion Reduction}, 
      author={Yunhan Jia and Yantao Lu and Senem Velipasalar and Zhenyu Zhong and Tao Wei},
      year={2019},
      eprint={1905.03333},
      archivePrefix={arXiv},
      primaryClass={cs.LG}
}

@misc{rahmati2020geoda,
      title={GeoDA: a geometric framework for black-box adversarial attacks}, 
      author={Ali Rahmati and Seyed-Mohsen Moosavi-Dezfooli and Pascal Frossard and Huaiyu Dai},
      year={2020},
      eprint={2003.06468},
      archivePrefix={arXiv},
      primaryClass={cs.CV}
}

@misc{duan2020adversarial,
      title={Adversarial Camouflage: Hiding Physical-World Attacks with Natural Styles}, 
      author={Ranjie Duan and Xingjun Ma and Yisen Wang and James Bailey and A. K. Qin and Yun Yang},
      year={2020},
      eprint={2003.08757},
      archivePrefix={arXiv},
      primaryClass={cs.CV}
}

@misc{shi2019curls,
      title={Curls \& Whey: Boosting Black-Box Adversarial Attacks}, 
      author={Yucheng Shi and Siyu Wang and Yahong Han},
      year={2019},
      eprint={1904.01160},
      archivePrefix={arXiv},
      primaryClass={cs.CV}
}

@misc{xiao2019generating,
      title={Generating Adversarial Examples with Adversarial Networks}, 
      author={Chaowei Xiao and Bo Li and Jun-Yan Zhu and Warren He and Mingyan Liu and Dawn Song},
      year={2019},
      eprint={1801.02610},
      archivePrefix={arXiv},
      primaryClass={cs.CR}
}

@misc{guo2019simple,
      title={Simple Black-box Adversarial Attacks}, 
      author={Chuan Guo and Jacob R. Gardner and Yurong You and Andrew Gordon Wilson and Kilian Q. Weinberger},
      year={2019},
      eprint={1905.07121},
      archivePrefix={arXiv},
      primaryClass={cs.LG}
}

@misc{zhou2015learning,
      title={Learning Deep Features for Discriminative Localization}, 
      author={Bolei Zhou and Aditya Khosla and Agata Lapedriza and Aude Oliva and Antonio Torralba},
      year={2015},
      eprint={1512.04150},
      archivePrefix={arXiv},
      primaryClass={cs.CV}
}

@misc{springenberg2015striving,
      title={Striving for Simplicity: The All Convolutional Net}, 
      author={Jost Tobias Springenberg and Alexey Dosovitskiy and Thomas Brox and Martin Riedmiller},
      year={2015},
      eprint={1412.6806},
      archivePrefix={arXiv},
      primaryClass={cs.LG}
}

@article{Selvaraju_2019,
   title={Grad-CAM: Visual Explanations from Deep Networks via Gradient-Based Localization},
   volume={128},
   ISSN={1573-1405},
   url={http://dx.doi.org/10.1007/s11263-019-01228-7},
   DOI={10.1007/s11263-019-01228-7},
   number={2},
   journal={International Journal of Computer Vision},
   publisher={Springer Science and Business Media LLC},
   author={Selvaraju, Ramprasaath R. and Cogswell, Michael and Das, Abhishek and Vedantam, Ramakrishna and Parikh, Devi and Batra, Dhruv},
   year={2019},
   month={Oct},
   pages={336–359}
}

@article{Chattopadhay_2018,
   title={Grad-CAM++: Generalized Gradient-Based Visual Explanations for Deep Convolutional Networks},
   ISBN={9781538648865},
   url={http://dx.doi.org/10.1109/WACV.2018.00097},
   DOI={10.1109/wacv.2018.00097},
   journal={2018 IEEE Winter Conference on Applications of Computer Vision (WACV)},
   publisher={IEEE},
   author={Chattopadhay, Aditya and Sarkar, Anirban and Howlader, Prantik and Balasubramanian, Vineeth N},
   year={2018},
   month={Mar}
}

@misc{zeiler2013visualizing,
      title={Visualizing and Understanding Convolutional Networks}, 
      author={Matthew D Zeiler and Rob Fergus},
      year={2013},
      eprint={1311.2901},
      archivePrefix={arXiv},
      primaryClass={cs.CV}
}

@misc{redmon2018yolov3,
      title={YOLOv3: An Incremental Improvement}, 
      author={Joseph Redmon and Ali Farhadi},
      year={2018},
      eprint={1804.02767},
      archivePrefix={arXiv},
      primaryClass={cs.CV}
}

@misc{ren2016faster,
      title={Faster R-CNN: Towards Real-Time Object Detection with Region Proposal Networks}, 
      author={Shaoqing Ren and Kaiming He and Ross Girshick and Jian Sun},
      year={2016},
      eprint={1506.01497},
      archivePrefix={arXiv},
      primaryClass={cs.CV}
}

@article{Liu_2016,
   title={SSD: Single Shot MultiBox Detector},
   ISBN={9783319464480},
   ISSN={1611-3349},
   url={http://dx.doi.org/10.1007/978-3-319-46448-0_2},
   DOI={10.1007/978-3-319-46448-0_2},
   journal={Lecture Notes in Computer Science},
   publisher={Springer International Publishing},
   author={Liu, Wei and Anguelov, Dragomir and Erhan, Dumitru and Szegedy, Christian and Reed, Scott and Fu, Cheng-Yang and Berg, Alexander C.},
   year={2016},
   pages={21–37}
}

 @misc{kathuria_2019, title={Tutorial on implementing YOLO v3 from scratch in PyTorch}, url={https://blog.paperspace.com/how-to-implement-a-yolo-object-detector-in-pytorch/}, journal={Paperspace Blog}, publisher={Paperspace Blog}, author={Kathuria, Ayoosh}, year={2019}, month={Dec}} 
 
  @misc{kathuria_2018, title={What's new in YOLO v3?}, url={https://towardsdatascience.com/yolo-v3-object-detection-53fb7d3bfe6b}, journal={Medium}, publisher={Towards Data Science}, author={Kathuria, Ayoosh}, year={2018}, month={Apr}} 
  
  @inproceedings{Houben-IJCNN-2013,
   author = {Sebastian Houben and Johannes Stallkamp and Jan Salmen and Marc Schlipsing and Christian Igel},
   booktitle = {International Joint Conference on Neural Networks},
   title = {Detection of Traffic Signs in Real-World Images: The {G}erman {T}raffic {S}ign {D}etection {B}enchmark},
   number = {1288},
   year = {2013},
}

@techreport{WahCUB_200_2011,
	Title = {{The Caltech-UCSD Birds-200-2011 Dataset}},
	Author = {Wah, C. and Branson, S. and Welinder, P. and Perona, P. and Belongie, S.},
	Year = {2011},
	Institution = {California Institute of Technology},
	Number = {CNS-TR-2011-001}
}

 @misc{madry, url={https://adversarial-ml-tutorial.org/}, journal={Adversarial Robustness - Theory and Practice}, author={Madry, Zico Kolter and Aleksander}} 